<record><leader>00000cas a22000007a 4500</leader><controlfield tag="001">11790843</controlfield><controlfield tag="008">850311d19311963wiuwr ne      0    0eng d</controlfield><datafield ind1=" " ind2=" " tag="010"><subfield code="a">sn 85040350 </subfield></datafield><datafield ind1=" " ind2=" " tag="040"><subfield code="a">NPV</subfield><subfield code="b">eng</subfield><subfield code="c">NPV</subfield><subfield code="d">OCLCQ</subfield></datafield><datafield ind1=" " ind2=" " tag="042"><subfield code="a">msc</subfield></datafield><datafield ind1=" " ind2=" " tag="043"><subfield code="a">n-us-wi</subfield></datafield><datafield ind1=" " ind2=" " tag="045"><subfield code="a">x3x6</subfield></datafield><datafield ind1=" " ind2=" " tag="052"><subfield code="a">4123</subfield><subfield code="b">O5</subfield></datafield><datafield ind1="0" ind2="0" tag="245"><subfield code="a">Three Lakes news.</subfield></datafield><datafield ind1=" " ind2=" " tag="260"><subfield code="a">Three Lakes, Oneida County, Wis. :</subfield><subfield code="b">Vilas County News-Review,</subfield><subfield code="c">1931-1963.</subfield></datafield><datafield ind1=" " ind2=" " tag="300"><subfield code="a">31 v. :</subfield><subfield code="b">ill.</subfield></datafield><datafield ind1=" " ind2=" " tag="310"><subfield code="a">Weekly</subfield></datafield><datafield ind1="0" ind2=" " tag="362"><subfield code="a">Vol. 1, no. 1 (Dec. 3, 1931)-v.31, no. 35 (Sept. 12, 1963).</subfield></datafield><datafield ind1=" " ind2=" " tag="500"><subfield code="a">Publisher varies.</subfield></datafield><datafield ind1=" " ind2=" " tag="500"><subfield code="a">Editors: J.M. Larkin, April 18, 1940-May 1, 1952; D. &amp; B. Satran, May 8, 1952-Jan. 10, 1963.</subfield></datafield><datafield ind1=" " ind2=" " tag="530"><subfield code="a">Available on microfilm from The State Historical Society of Wisconsin.</subfield></datafield><datafield ind1=" " ind2=" " tag="752"><subfield code="a">United States</subfield><subfield code="b">Wisconsin</subfield><subfield code="c">Oneida</subfield><subfield code="d">Three Lakes.</subfield></datafield><datafield ind1="0" ind2="7" tag="785"><subfield code="t">Vilas County news-review</subfield></datafield><datafield ind1="0" ind2="7" tag="785"><subfield code="t">Vilas County news-review and Three Lakes news</subfield></datafield><datafield ind1="1" ind2=" " tag="029"><subfield code="a">AU@</subfield><subfield code="b">000025799692</subfield></datafield></record>